@BOOK{CasellaBerger02,
  AUTHOR = "Casella, George and Berger, Roger L.",
  TITLE = "Statistical Inference",
  EDITION = "Second",
  PUBLISHER = "Duxbury",
  YEAR = 2002}

@BOOK{Cressie93,
  AUTHOR = "Cressie, Noel",
  TITLE = "Statistics for Spatial Data",
  PUBLISHER = "John Wiley \& Sons Ltd",
  EDITION = "Revised",
  YEAR = 1993}

@ARTICLE{Cohen09,
  AUTHOR = "Cohen, Martin A. and Adar, Sara D. and Allen,Ryan W. and Avol, Edward and Curl, Cynthia L.  and Gould, Timothy and Hardie, David and Ho, Anne and Kinney, Patrick and Larson, Timothy V.  and Sampson, Paul D. and Sheppard, Lianne and Stukovsky, Karen D. and Swan, Susan S. and Liu, L-J Sally and Kaufman, Joel D.",
  TITLE = "Approach to Estimating Participant Pollutant Exposures in the {Multi}-{Ethnic} {Study} of {Atherosclerosis} and Air Pollution ({MESA} Air)",
  JOURNAL = "Environmental Science \& Technology",
  VOLUME = 43,
  NUMBER = 13,
  PAGES = "4687--4693",
  YEAR = 2009}

@INCOLLECTION{Fuentes06,
  AUTHOR = "Fuentes, M. and Guttorp, Peter and Sampson, Paul D.",
  TITLE = "Using transforms to analyze space-time processes",
  EDITOR = "Finkenstadt, B. and Held, L. and Isham, V.",
  BOOKTITLE = "Statistical Methods for Spatio-Temporal Systems",
  PUBLISHER = "CRC/Chapman and Hall",
  PAGES = "77-150",
  YEAR = "2006"}

@ARTICLE{Hastings70,
  AUTHOR = "Hastings, W.K.",
  TITLE = "{Monte} {Carlo} sampling methods using {Markov} chains and their applications",
  JOURNAL = "Biometrika",
  VOLUME = 57,
  PAGES = "97--109",
  YEAR = 1970}

@ARTICLE{Metropolis53,
  AUTHOR = "Metropolis, N. and Rosenbluth, A.W. and Rosenbluth, M.N. and Teller, A.H. and Teller, E.",
  TITLE = "Equations of state calculations by fast computing machines",
  JOURNAL = "J.\ Chem.\ Phys.",
  VOLUME = 21,
  PAGES = "1087--1092",
  YEAR = 1953}

@ARTICLE{Roberts97,
  AUTHOR = "Roberts, G.O. and Gelman, A. and Gilks, W.R.",
  TITLE = "Weak convergence and optimal scaling of random walk Metropolis algorithms",
  JOURNAL = "Ann.\ Appl.\ Probab.",
  VOLUME = 7,
  PAGES = "110--120",
  YEAR = 1997}

@ARTICLE{Jerrett05,
  AUTHOR = "Jerrett, M. and Burnett, R. T.  and Ma, R. and Pope, C. A. and Krewski, D. and Newbold, K. B. and Thurston, G. and Shi, Y.  and Finkelstein, N. and Calle, E. E. and Thun, M. J.",
  TITLE = "Spatial analysis of air pollution mortality in {L}os {A}ngeles",
  JOURNAL = "Epidemiology",
  YEAR = 2005,
  VOLUME = 16,
  PAGES = "727--736",
  NUMBER = 6
}

@TECHREPORT{MESAcaline10,
  AUTHOR = "{{MESA} {A}ir {D}ata {T}eam}",
  TITLE = "Documentation of {MESA} Air Implementation of the {Caline3QHCR} Model",
  INSTITUTION ="University of Washington",
  ADDRESS = "Seattle, {WA}, {USA}",
  YEAR = 2010}

@TECHREPORT{Sampson09,
  AUTHOR = "Sampson, Paul D. and Szpiro, Adam A. and Sheppard, Lianne and Lindström, Johan and Kaufman, Joel D.",
  TITLE = "Pragmatic Estimation of a Spatio-Temporal Air Quality Model With Irregular Monitoring Data",
  NUMBER = "Working Paper 353",
  INSTITUTION = "UW Biostatistics Working Paper Series",
  URL = "http://www.bepress.com/uwbiostat/paper353",
  YEAR = 2009}

@ARTICLE{Szpiro10a,
  AUTHOR = "Szpiro, Adam A. and Sampson, Paul D. and Sheppard, Lianne and Lumley, Thomas and
 Adar, Sara and Kaufman, Joel",
  TITLE = "Predicting intra-urban variation in air pollution concentrations with complex spatio-temporal dependencies",
  JOURNAL = "Environmetrics",
  VOLUME = 21,
  NUMBER = 6,
  PAGES = "606--631",
  YEAR = 2010}

@ARTICLE{Wilton10,
  AUTHOR = "Wilton, D. and Szpiro, Adam A. and Gould, T. and Larson, T.",
  TITLE = "Improving spatial concentration estimates for nitrogen oxides using a hybrid meteorological dispersion/land use regression model in {Los} {Angeles}, {CA} and {Seattle}, {WA}",
  JOURNAL = "SciTotalEnviron",
  VOLUME = 408,
  NUMBER = 5,
  PAGES ="1120--1130",
  YEAR= 2010}

@TECHREPORT{Lindstrom11,
  AUTHOR = "Lindstr{\"o}m, Johan and Szpiro, Adam A. and Sampson, Paul D. and Sheppard, Lianne and
            Oron, Assaf and Richards, Mark and Larson, Tim",
  TITLE = "A flexible spatio-temporal model for air pollution: Allowing for spatio-temporal
   covariates",
  NUMBER = "Working Paper 370",
  INSTITUTION = "UW Biostatistics Working Paper Series",
  URL = "http://www.bepress.com/uwbiostat/paper370",
  YEAR = 2011}

@TECHREPORT{EPAcaline92,
  AUTHOR = "{EPA}",
  TITLE = "User's Guide to {CAL3QHC} Version 2.0: A Modeling Methodology for Predicting Pollutant Concentrations near Roadway Intersections",
  INSTITUTION ="U.S.\ Environmental Protection Agency",
  NUMBER = "EPA-454/R-92-006",
  ADDRESS = "Research Triangle Park, {NC}, {USA}",
  YEAR = 1992}

@ARTICLE{Mercer11,
  AUTHOR = "Mercer, Laina and Szpiro, Adam A. and Sheppard, Lianne and Adar, Sara and Allen, Ryan and Avol, Ed and Lindström, Johan and Oron, Assaf and Larson, Tim and Liu, L-J Sally and Kaufman, Joel",
  TITLE = "Predicting concentrations of oxides of nitrogen in {Los} {Angeles}, {CA} using universal kriging",
  JOURNAL = "Submitted",
  YEAR = 2011}

